LDR  01320ntm  2200241 a 4500
001  CHSV04-B346
003  CStRLIN
005  20040916102808.0
008  040915i19091909caua          000 0 eng d
040       $a CHi $c CHi $e appm
043       $a n-us-ca
245  00   $a Saul Morris book of receipts, $f 1909.
300       $a 1 v. (ca. 500 items) : $b ill. ; $c 39 cm..
500       $a CHSV:  852 DOES NOT HAVE h, i, j - DO NOT OUTPUT CALL NUMBER (09/04).
500   0   $a INCOMING 852 b = CHSV, OUTPUT AS MAIN; DO NOT TRANSFER 541 AND 583 FIELDS TO 852, DO NOT OUTPUT.
545  0    $a Saul Morris's parents, James and Pauline Morris, owned a general store in Chinese Camp.
520  2    $a All receipts are for items sold to Saul Morris at Chinese Camp.  Receipts are from businesses primarily in San Francisco but also Stockton, Oakland, San Jose, and Michigan.  Approximately 40 different businesses are represented.  Purchases include food, medicine, candy, shoes, clothing, cooking equipment (such as tea kettles), paint, mattresses, blasting powder, hardware, post cards, chewing gum, seed, furniture, and a guitar.
650   0   $a General stores $z California $z Chinese Camp.
600  10   $a Morris, Saul.
655   7   $a Receipts. $2 aat
700  1    $a Morris, Saul.
852       $a CHSV $b MAIN $e 678 Mission St. San Francisco CA 94105 $k MS OV.
901       $a CHSV $b 04-B346

Record 4
