LDR  00890nas  2200229 a 4500
001  CHSV04-S2
003  CStRLIN
005  20040916102849.0
008  040720c19709999cau x p a     0  | 0eng d
040       $a WHi $c WHi $d OCoLC $d CU
090       $a F868.C76 $b M44
245  04   $a Los Meganos.
260       $a Brentwood, CA : $b East Contra Costa Historical Society, $c 1970-
300       $a v. ; $c 28 cm.
362  0    $a Vol. 1, no. 1 (June 1970)-
500       $a CHSV:  852 HAS h, MULTIPLE i'S - OUTPUT AS IS (09/04).
500       $a CHS REC WITH 541 AND 583 FIELDS, DO NOT TRANSFER TO 852, DO NOT OUTPUT.
651   0   $a Contra Costa County (Calif.) $x History $x Periodicals.
710  2    $a East Contra Costa Historical Society.
752       $a United States $b California $d Brentwood
852       $a CHSV $b MAIN $h F868.C76 $i M44 $i ECC Historical Wing (2nd i) $k LC PER $3 v.1, no.1 (Jun 1970) - present, some issues missing.
901       $a CHSV $b 04-S2

Record 5
