LDR  01396ckc  2200265 a 4500
001  CHSV02-F39
003  CStRLIN
005  20051011150239.0
007  kh bob
008  020911i18651886caunnn            kneng d
040       $a CHi $c CHi $e gihc
043       $a n-us-ca
100  1    $a Ingersoll, Wm. B. $q (William B.)
245  10   $a Portraits $h [graphic] / $c Wm. B. Ingersoll.
260       $c [ca. 1865-1886]
300       $a 11photographic prints (2 cabinet cards, 9 cartes de visite) : $b b&w ; $c 17 x 11 cm. or smaller.
500       $a CHSV:  OUTPUT 852 AS FOLLOWS: TAKE 4 LETTER LI CODE (CHSV) FROM 001 & OUTPUT IN 852 a, TAKE LOC CODE (MAIN) FROM 852 b & OUTPUT IN b; OUTPUT INCOMING 852 e, j, x AS IS (11/05).
500       $a OUTPUT 901 AS FOLLOWS: TAKE LI CODE (CHSV) FROM 001 & OUTPUT IN 901 a; OUTPUT REMAINDER OF 001 IN 901 b.
500       $a DROP INPUT 852.
520  8    $a Portraits of unidentified individual men, women and children; group of two children; large group of men.
545  0    $a William B. Ingersoll had a gallery in Oakland on Sixth Street, ca. 1867; studio at 1069 Broadway, Oakland, 1872-86.
655   7   $a Cartes de visite $z California $z Oakland. $2 gmgpc
655   7   $a Cabinet photographs $z California $z Oakland. $2 gmgpc
852       $a CHSV $b MAIN $e 678 Mission Street, San Francisco, CA 94105 $j PC-GS: Box 047 $x CIN=BCB $z Shelflist location: GS--Photographers--Oakland--Ingersoll, William B.
901       $a CHSV $b 02-F39

Record 7
