LDR  01148dXX  2200229 a 4500
001  CHSV03-F81
003  CStRLIN
005  20020510143000.0
007  kh bob
008  030320i18871887caunnn            kneng d
040       $a CHi $c CHi $e gihc
043       $a n-us-ca
100  1    $a Todd, J. A. $q (John A.)
260       $c [ca. 1887]
300       $a 9 photographic prints (cabinet cards) : $b b&w ; $c 17 x 11 cm.
500       $a CHSV:  DELETE REC HAS NO 245, INVALID TYPE & BIBLVL, NO 005, UNKNOWN LOC CODE - OUTPUT DELETE REC WITH NO 998 ERROR FIELDS AND WITH 005 CREATED BY SETTING FORCEDATE=Y (11/05).
545  0    $a John A. Todd operated in San Francisco in 1887, at 2126 Fillmore St.
520  8    $a Portraits of unidentified individual women, one man, and a child.  One group portrait of a woman and a boy.  One portrait of unidentified woman in theatrical costume.
655   7   $a Cabinet photographs $z California $z San Francisco. $2 gmgpc
655   7   $a Group portraits $z California $z San Francisco. $2 gmgpc
852       $a CHSV $b XXYY $e 678 Mission Street, San Francisco, CA 94105 $j PC-GS: Box 065 $x CIN=BC $z Shelflist location: GS--Photographers--SF--Todd, John A.
901       $a CHSV $b 03-F81

Record 8
