LDR  01199ckc  2200253 a 4500
001  CHSV02-F37
003  CStRLIN
005  20051011152152.0
007  kh bo 
008  020911i18891934caunnn            kneng d
040       $a CHi $c CHi $e gihc
043       $a n-us-ca
100  1    $a Webster, F. A.
245  10   $a Portraits $h [graphic] / $c Webster.
260       $c [ca. 1889-1934]
300       $a 5 photographic prints (1 cabinet card;1 paris panel; 1 swiss panel) : $b b&w ; $c mount 25 x 17 cm. or smaller.
500       $a CHSV:  DROP INCOMING 9XX FIELDS (11/05).
520  8    $a Two portraits of unidentified women (one woman posing as Greek statue?); portrait of unidentified woman and boy; paris panel of unidentified girl; cabinet card of girl "Eleanor" (name noted on verso).
545  0    $a Studio at 1069 Broadway, corner of 12th Street, Oakland, 1889-1934.
655   7   $a Portrait photographs $z California $z Oakland. $2 gmgpc
655   7   $a Cabinet photographs $z California $z Oakland. $2 gmgpc
655   7   $a Group portraits $z Calfornia $z Oakland. $2 gmgpc
852       $a CHSV $b MAIN $e 678 Mission Street, San Francisco, CA 94105 $j PC-GS: Box 047 $x CIN=BCB $z Shelflist location: GS--Photographers--Oakland--Webster, F.A.
901       $a CHSV $b 02-F37

Record 9
