LDR  01613ctca 2200313 a 4500
001  CHSV02-B289
003  CStRLIN
005  20051011160129.0
008  020920i19211969cauao         000 0deng d
040       $a CHi $c CHi $e appm
043       $a n-us-ca
110  2    $a Ina Coolbrith Circle.
245  10   $a Ina Coolbrith Circle records, $f 1921-1969.
300       $a 3 boxes, 1 flat box (2.5 linear ft.) + $e 1 sound tape reel (10 cm, 0.6 cm tape)
351       $3 Sound tape reel housed in Box 3.
500       $a CHSV:  852 HAS MULTIPLE SUBFLD b'S, OUTPUT ONLY 1ST (11/05).
520  8    $a Includes two scrapbooks, one of Ina Coolbrith Circle newspaper clippings, and one in memoriam for Ina Coolbrith, containing letters, poems, programs, and other ephemera. Also includes a tape recording (1 reel) of a program from Southern Calif., in praise of Ina Coolbrith, [1954? or 1955].
544       $n Portrait of Coolbrith taken by Ansel Adams moved from memorial scrapbook to RM-Adams, Ansel. Other photographs shelved as MSP 457.
545  1    $a The Ina Coolbrith Circle was a literary club begun in honor of the first poet laureate of Calif.
555  8    $a Descriptive guide available in library. Electronic version available on the Internet.
650   0   $a American poetry $z California.
600  10   $a Coolbrith, Ina D. $q (Ina Donna), $d 1842?-1928.
651   0   $a California $v Poetry.
655   7   $a Scrapbooks. $2 rbgenr
655   7   $a Minutes. $2 aat
655   7   $a Membership lists. $2 rbgenr
700  1    $a Coolbrith, Ina D. $q (Ina Donna), $d 1842?-1928.
852       $a CHSV $b MAIN $e 678 Mission Street, San Francisco, CA 94105 $j MS 457
901       $a CHSV $b 02-B289

Record 11
