LDR  03243ckca 2200385 a 4500
001  CHSV04-F2
003  CStRLIN
005  20051011161407.0
007  kh bob
008  040616i18951906caunnn            kneng d
040       $a CHi $c CHi $e gihc
043       $a n-us-ca
100  1    $a Collins, Isabel Porter, $b 1875-1954.
245  10   $a Photographs from Isabel Porter Collins collection $h [graphic].
260       $c [1895-1906]
300       $a 2 boxes (215 photographic prints) : $b b&w; $c 8 x 10 in. or smaller and 11 x 14 in.
351       $a Organized into 18 folders.
500       $a CHSV:  REMOVE BACKSLASHES (HEX 5C) FROM FIRST INPUT 852 SUBLFD h AND i BEFORE OUTPUT (11/05).
500       $a SECOND INPUT 852 DOES NOT HAVE b - DO NOT CREATE AN OUTPUT 852.
545  0    $a Isabel Porter Collins was an amateur and fine art photographer, artist and teacher.  She was born in Petaluma, Calif., in 1875 and attended Mark Hopkins Institute of Art in San Francisco, Calif., ca. 1898-1900.
520  8    $a Chiefly portraits of fellow students and others taken while Isabel Porter Collins attended the Mark Hopkins Institute of Art in San Francisco, Calif.  Many of the photos appear to have been made in rooms and studios there.  Contains identified and unidentified subjects.  Includes portraits of George Parmenter, Alice Best, Blanche Cummings, Darmapala, Robert Aitken, Theodore Kean, Lorenzo Latimer, Florence Lundborg, Louise Schawm, Laura Adams Armer, Xavier Martinez, Annabel Lee, Arthur Mathews, Lucia Mathews, Harry Raleigh, Maynard Dixon, Luisa de Brettville (Spreckles), and a few self-portraits.  Also includes photos of Raymond Yelland's anatomy class.  There are photos of students in class (one includes Douglas Tilden); unidentified female nudes; and portraits of children; unidentified except for one marked "Helen Swett."  Also includes one photo of an African American boy in a jester costume and two images of a Chinese girl.  There are a few photos related to the Spanish-American War of 1898 that show a group from the Catholic Ladies Aid Society, a hospital scene, military exercises in Golden Gate Park, and a portrait of "Chaplain, Tenn. Regiment."  Oversize photos include images of a 1949 centennial gardens tour of the Larkin House in Monterey, Calif.
520  8    $a Two San Francisco Chinatown photos show a street scene, and a funeral procession in the street.  A miscellaneous folder includes photos of a Mark Hopkins Institute of Art medallion, a San Francisco sidewalk scene,  two murals, an interior view of a studio(?), and a Coalinga, Calif., oil well.
544       $a Forms part of MS 422.
610  20   $a Mark Hopkins Institute of Art $v Pictorial works.
650   0   $a Art students $z California $z San Francisco $v Pictorial works.
650   0   $a Classrooms $z California $z San Francisco $v Photographs.
650   0   $a Spanish-American War, 1898 $z California $z San Francisco $v Photographs.
650   0   $a Children $v Portraits.
651   0   $a San Francisco (Calif.) $v Pictorial works.
651   0   $a Monterey (Calif.) $v Pictorial works.
655   7   $a Photographic prints. $2 gmgpc
655   7   $a Portraits. $2 gmgpc
655   7   $a Group portraits. $2 gmgpc
852       $a CHSV $b MAIN $e 678 Mission Street, San Francisco, CA 94105 $h 641.8 $i P8
901       $a CHSV $b 04-F2

